<record><leader>00000cas a22000007a 4500</leader><controlfield tag="001">14401981</controlfield><controlfield tag="008">861016d19431949iauwr ne      0    0eng d</controlfield><datafield ind1=" " ind2=" " tag="010"><subfield code="a">sn 86061123 </subfield></datafield><datafield ind1=" " ind2=" " tag="040"><subfield code="a">INP</subfield><subfield code="b">eng</subfield><subfield code="c">INP</subfield><subfield code="d">OCLCQ</subfield></datafield><datafield ind1=" " ind2=" " tag="042"><subfield code="a">msc</subfield></datafield><datafield ind1="0" ind2=" " tag="130"><subfield code="a">Cascade pioneer (Cascade, Iowa : 1943)</subfield></datafield><datafield ind1="1" ind2="4" tag="245"><subfield code="a">The Cascade pioneer.</subfield></datafield><datafield ind1="1" ind2="3" tag="246"><subfield code="a">Cascade pioneer and Farley advertiser</subfield></datafield><datafield ind1="1" ind2="7" tag="246"><subfield code="a">Pioneer-advertiser</subfield></datafield><datafield ind1=" " ind2=" " tag="260"><subfield code="a">[Cascade, Iowa] :</subfield><subfield code="b">Leo J. Sullivan,</subfield><subfield code="c">1943-1949.</subfield></datafield><datafield ind1=" " ind2=" " tag="300"><subfield code="a">6 v. :</subfield><subfield code="b">ill.</subfield></datafield><datafield ind1=" " ind2=" " tag="310"><subfield code="a">Weekly</subfield></datafield><datafield ind1="0" ind2=" " tag="362"><subfield code="a">Vol. 66, no. 43 (Apr. 22, 1943)-v. 71, no. 37 (Mar. 10, 1949).</subfield></datafield><datafield ind1=" " ind2=" " tag="500"><subfield code="a">Includes sections called: Farley advertiser, and: Pauline post.</subfield></datafield><datafield ind1=" " ind2=" " tag="752"><subfield code="a">United States</subfield><subfield code="b">Iowa</subfield><subfield code="c">Dubuque</subfield><subfield code="d">Cascade.</subfield></datafield><datafield ind1=" " ind2=" " tag="752"><subfield code="a">United States</subfield><subfield code="b">Iowa</subfield><subfield code="c">Dubuque</subfield><subfield code="d">Farley.</subfield></datafield><datafield ind1=" " ind2=" " tag="752"><subfield code="a">United States</subfield><subfield code="b">Iowa</subfield><subfield code="c">Dubuque</subfield><subfield code="d">Worthington.</subfield></datafield><datafield ind1="0" ind2="0" tag="780"><subfield code="t">Cascade pioneer advertiser</subfield><subfield code="w">(DLC)sn 86061122</subfield></datafield><datafield ind1="0" ind2="0" tag="785"><subfield code="t">Cascade pioneer-advertiser</subfield><subfield code="w">(DLC)sn 86061124</subfield></datafield><datafield ind1="1" ind2=" " tag="787"><subfield code="t">Farley advertiser</subfield></datafield><datafield ind1="1" ind2=" " tag="787"><subfield code="t">Pauline post</subfield></datafield></record>